@Misc{misc-cruz03,
  OPTkey = 	 {},
  author = 	 {Renato Cruz},
  title = 	 {Padrão Brasileiro de {TV} Enfrenta Oposição},
  howpublished = {Jornal O Estado de São Paulo},
  month = 	 feb,
  year = 	 2003,
  note = 	 {Opinião do Prof. Max Costa},
  OPTannote = 	 {}
}

@PhdThesis{phd-gates01,
  author = 	 {Luis F. Gates},
  title = 	 {Telecomunicações Baseadas na Arquitetura BALSE},
  school =       {UFSCG},
  year = 	 2000,
  OPTkey = 	 {},
  OPTtype = 	 {},
  address = 	 {Matosinhos, SP},
  month = 	 dec,
  OPTnote = 	 {},
  OPTannote = 	 {}
}

@InProceedings{proc-gates01,
  author = 	 {Luis F. Gates and Rossano P. Pinto and Eliane G. Solimães and Katianna Silva},
  title = 	 {Mobile Agents in Telecommunication Services},
  booktitle = 	 {Proceedings of {LACOXS}'05},
  OPTcrossref =  {},
  OPTkey = 	 {},
  pages = 	 {50-61},
  year = 	 2001,
  editor = 	 {A. Loureiro, J. Carvalho},
  OPTvolume = 	 {},
  OPTnumber = 	 {},
  OPTseries = 	 {},
  address = 	 {Ouro Preto, MG},
  month = 	 aug,
  OPTorganization = {},
  publisher =    {Sociedade Brasileira de Ciências Físicas},
  OPTnote = 	 {},
  OPTannote = 	 {},
}

@Manual{man-orbix99,
  title = 	 {Orbix Programming Reference},
  OPTkey = 	 {},
  author = 	 {IONA},
  organization = {IONA Technologies PLC},
  address = 	 {Dublin, Ireland},
  OPTedition = 	 {},
  month = 	 oct,
  year = 	 1999,
  OPTnote = 	 {},
  OPTannote = 	 {}
}

@TechReport{hp-novet03,
  author = 	 {Meireles, Flamingo},
  title = 	 {{NOVET}'s Homepage},
  institution =  {The Academic Computer Society},
  address = 	 {Caicó, RN},
  year = 	 2003,
  OPTkey = 	 {},
  type =	 {Página na Internet},
  key = 	 {NOVET},
  month =	 aug,
  URL =	 	 {\url{http://www.aligatesta.com.su/}},
  OPTannote = 	 {}
}

@Book{LATEX04,
  author = 	 {Frank Mittelbach and Michel Goossens},
  ALTeditor = 	 {},
  title = 	 {The {\LaTeX} Companion},
  publisher = 	 {Addison-Wesley},
  year = 	 2004,
  OPTkey = 	 {},
  OPTvolume = 	 {},
  OPTnumber = 	 {},
  OPTseries = 	 {},
  address = 	 {San Francisco, EUA},
  edition = 	 2,
  OPTmonth = 	 {},
  OPTnote = 	 {},
  OPTannote = 	 {}
}

@TechReport{rep-omg2000,
  author = 	 {OMG},
  title = 	 {Audio/Video Streams, Version 1.0},
  institution =  {Object Management Group},
  year = 	 2000,
  key = 	 {},
  type =	 {OMG Specification},
  number =	 {formal/2000-01-03},
  address = 	 {Paris},
  month =	 jan,
  URL =	 	 {\url{http://www.omg.org/}},
  OPTannote = 	 {}
}

@Book{book-lamport94,
  author = 	 {Witold Pedrycz and Fernando A. C. Gomide},
  ALTeditor = 	 {},
  title = 	 {An Introduction to Fuzzy Sets: Analysis and Design (Complex Adaptive Systems)},
  publisher = 	 {MIT Press},
  year = 	 1998,
  OPTkey = 	 {},
  OPTvolume = 	 {},
  OPTnumber = 	 {},
  OPTseries = 	 {},
  address = 	 {Boston},
  OPTedition = 	 {},
  OPTmonth = 	 {},
  OPTnote = 	 {},
  OPTannote = 	 {}
}

@InCollection{col-pinto00,
  author = 	 {Alexandre S. Pinto and Luis F. Gates and Katianna Silva},
  title = 	 {A {BALSE}-based Environment for Mobile Applications},
  booktitle = 	 {Managing {QoS} in Multimedia Networks},
  OPTcrossref =  {},
  OPTkey = 	 {},
  pages = 	 {163-175},
  publisher =    {Kluwer Academic Publishers},
  year = 	 2000,
  editor = 	 {José Neuman de Souza and Raouf Boutaba},
  OPTvolume = 	 {},
  OPTnumber = 	 {},
  OPTseries = 	 {},
  OPTtype = 	 {},
  OPTchapter = 	 {},
  address = 	 {New York},
  OPTedition = 	 {},
  OPTmonth = 	 {},
  OPTnote = 	 {},
  OPTannote = 	 {}
}

@Proceedings{proc-sbrc02,
  title = 	 {{XX} Simpósio Brasileiro de Redes de Computadores},
  year = 	 2002,
  OPTkey = 	 {},
  booktitle =    {Anais do XX SBRC},
  editor = 	 {Luci Pirmez and Luis Fernando Carmo and Raimundo José Macêdo},
  volume = 	 1,
  OPTnumber = 	 {},
  OPTseries = 	 {},
  address = 	 {Rio de Janeiro},
  month = 	 may,
  organization = {Núcleo de Computação Eletrônica da UFRJ},
  publisher =    {Sociedade Brasileira de Computação},
  OPTnote = 	 {},
  OPTannote = 	 {}
}

@InBook{inbook-santos00,
  author = 	 {Euripedes P. Santos and Fernando J. Von-Zuben},
  editor = 	 {},
  title = 	 {Recurrent Neural Networks: Design and Applications},
  chapter = 	 {Efficient Second-Order Learning Algorithms for Discrete-Time Recurrent Neural Networks},
  publisher = 	 {CRC Press},
  year = 	 2000,
  OPTkey = 	 {},
  volume = 	 13,
  OPTnumber = 	 {},
  series = 	 {International Series on Computational Intelligence},
  OPTtype = 	 {},
  address = 	 {Madrid},
  OPTedition = 	 {},
  OPTmonth = 	 {},
  pages = 	 {47-75},
  OPTnote = 	 {},
  OPTannote = 	 {}
}

@MastersThesis{msc-santos03,
  author = 	 {José C. S. Santos-Filho},
  title = 	 {Combinação por Ganho Igual em Ambiente com Desvanecimento Arbitrário},
  school =       {Faculdade de Engenharia Elétrica e de Computação, UNICAMP},
  year = 	 2003,
  OPTkey = 	 {},
  OPTtype = 	 {},
  address = 	 {Campinas, SP},
  month = 	 aug,
  OPTnote = 	 {},
  OPTannote = 	 {}
}

@Unpublished{unp-sichman02,
  author = 	 {Jaime S. Sichman},
  title = 	 {Sobre Agentes Móveis e Fixos},
  note = 	 {Comunicação pessoal por e-mail},
  OPTkey = 	 {},
  month = 	 mar,
  year = 	 2002,
  OPTannote = 	 {}
}

@Article{art-solimaes03,
  author = 	 {Eliane G. Solimães and Antonio T. Mircolles and Jamerson L. Pereira and Bruno G. Americano and Katianna Silva and Marcelo Borges and Mauricio F. Magalhães},
  title = 	 {A Virtual Laboratory for Autonomous Airplanes Experiments},
  journal = 	 {IEEE Transactions on Education},
  year = 	 2003,
  OPTkey = 	 {},
  volume = 	 {46},
  number = 	 {1},
  pages = 	 {37-42},
  month = 	 feb,
  OPTnote = 	 {},
  OPTannote = 	 {}
}

@Misc{avery-dennison-rfid,
  author = {Avery Dennison},
  title = {Noções básicas sobre RFID},
  year = {s.d.},
  howpublished = {White paper introdutório},
  url = {https://label.averydennison.com/content/dam/averydennison/lpm-responsive/south-america/brazil/documents/resources/guides/entendendo-rfid.pdf},
  note = {Acesso em: 23 maio 2025}
}

@Misc{seeed-rfid-125khz,
  author = {{Seeed Studio}},
  title = {125Khz RFID module - UART},
  howpublished = {Seeed Studio Wiki},
  year = {2016},
  url = {https://wiki.seeedstudio.com/},
  note = {Acesso em: 07 jun. 2025}
}

@Misc{makerhero-esp8266,
  author = {MakerHero},
  title = {ESP8266: Guia Completo},
  year = {2023},
  howpublished = {Blog MakerHero},
  url = {https://www.makerhero.com/blog/esp8266-guia-completo/},
  note = {Acesso em: 18 jul. 2025}
}


@Misc{mdn-http-methods,
  author = {{MDN Web Docs}},
  title = {Métodos de requisição HTTP},
  year = {2024},
  howpublished = {Mozilla Developer Network},
  url = {https://developer.mozilla.org/pt-BR/docs/Web/HTTP/Methods},
  note = {Acesso em: 18 jul. 2025}
}

@Misc{mdn-rest-api,
  author = {{MDN Web Docs}},
  title = {HTTP - Visão geral},
  year = {2024},
  howpublished = {Mozilla Developer Network},
  url = {https://developer.mozilla.org/pt-BR/docs/Web/HTTP/Overview},
  note = {Acesso em: 18 jul. 2025}
}

@Misc{mdn-json,
  author = {{MDN Web Docs}},
  title = {Trabalhando com JSON},
  year = {2024},
  howpublished = {Mozilla Developer Network},
  url = {https://developer.mozilla.org/pt-BR/docs/Learn/JavaScript/Objects/JSON},
 note = {Acesso em: 18 jul. 2025}
}
}

@Misc{mdn-https,
  author = {{MDN Web Docs}},
  title = {HTTPS},
  year = {2024},
  howpublished = {Mozilla Developer Network},
  url = {https://developer.mozilla.org/pt-BR/docs/Glossary/HTTPS},
  note = {Acesso em: 18 jul. 2025}
}

@Misc{firebase-rtdb,
  author = {{Google Firebase}},
  title = {Firebase Realtime Database REST API},
  year = {2024},
  howpublished = {Firebase Documentation},
  url = {https://firebase.google.com/docs/reference/rest/database},
  note = {Acesso em: 28 dez. 2024}
}

@Misc{arduino-serial,
  author = {{Arduino}},
  title = {Arduino Reference - Serial},
  year = {2024},
  howpublished = {Arduino Documentation},
  url = {https://www.arduino.cc/reference/en/language/functions/communication/serial/},
  note = {Acesso em: 10 jun. 2025}
}

@Misc{nic-br-ntp,
  author = {{NIC.br}},
  title = {Serviço de Tempo Brasileiro - NTP.br},
  year = {2024},
  url = {https://ntp.br/},
  note = {Acesso em: 22 ago. 2025}
}

@Misc{observatorio-nacional,
  author = {{Observatório Nacional}},
  title = {Hora Legal Brasileira},
  year = {2024},
  url = {https://pcdsh01.on.br/},
  note = {Acesso em: 22 ago. 2025}
}

@Article{vieira-rfid-2007,
  author = {Vieira, M. A. F. and Coelho, C. N. and Silva Júnior, D. C. and Mata, J. M.},
  title = {Survey on wireless sensor network devices},
  journal = {Encontros Bibli: revista eletrônica de biblioteconomia e ciência da informação},
  year = {2007},
  volume = {12},
  number = {24},
  pages = {182-202},
  url = {https://periodicos.ufsc.br/index.php/eb/article/view/1518-2924.2007v12n24p182},
  note = {Acesso em: 05 jul. 2025}
}

@Manual{intelbras-digiprox-sa202,
  title = {Manual do Usuário - Controlador de Acesso DigiProx SA-202},
  author = {{Intelbras}},
  organization = {Intelbras S.A.},
  year = {2024},
  url = {https://backend.intelbras.com/sites/default/files/2025-07/Manual\_Digiprox\_SA\_202\_01-25\_site.pdf},
  note = {Acesso em: 20 nov. 2024}
}

@TechReport{espressif-esp8266,
  author = {{Espressif Systems}},
  title = {ESP8266EX Datasheet},
  institution = {Espressif Systems},
  year = {2020},
  type = {Technical Reference},
  url = {https://www.espressif.com/sites/default/files/documentation/0a-esp8266ex_datasheet_en.pdf},
  note = {Acesso em: 16 maio 2025}
}

@InProceedings{santos-iot-2016,
  author = {Santos, B. P. and Silva, L. A. and Celes, C. and Borges, J. B. and Peres, B. S. and Vieira, M. A. and Vieira, L. F. and Goussevskaia, O. and Loureiro, A.},
  title = {Internet das Coisas: da Teoria à Prática},
  booktitle = {Minicursos SBRC 2016},
  year = {2016},
  publisher = {SBC},
  url = {https://homepages.dcc.ufmg.br/~mmvieira/cc/papers/internet-das-coisas.pdf},
  note = {Acesso em: 02 jul. 2025}
}


@Misc{restful-api-tutorial,
  author = {Todd Fredrich},
  title = {RESTful Service Best Practices},
  year = {2012},
  url = {https://www.restapitutorial.com/media/RESTful\_Best\_Practices-v1\_1.pdf},
  note = {Acesso em: 18 jul. 2025}
}

@Misc{abnt-2018,
  author = {{ABNT}},
  title = {NBR 6023:2018 - Informação e documentação - Referências - Elaboração},
  year = {2018},
  address = {Rio de Janeiro},
  publisher = {Associação Brasileira de Normas Técnicas},
  url = {https://sibi.furg.br/files/3524.pdf},
  note = {Acesso em: 30 maio 2024}
}

@Misc{abnt-2023,
  author = {{ABNT}},
  title = {NBR 10520:2023 - Informação e documentação - Citações em documentos - Apresentação},
  year = {2023},
  address = {Rio de Janeiro},
  publisher = {Associação Brasileira de Normas Técnicas},
  url = {https://coc.fiocruz.br/wp-content/uploads/2024/03/Abnt\_nbr\_10520\_2023.pdf},
  note = {Acesso em: 11 jul. 2024}
}

@Misc{abnt-2024,
  author = {{ABNT}},
  title = {NBR 14724:2024 - Informação e documentação - Trabalhos acadêmicos - Apresentação},
  year = {2024},
  address = {Rio de Janeiro},
  publisher = {Associação Brasileira de Normas Técnicas},
  url = {https://tpp-uff.com.br/wp-content/uploads/2025/02/ABNT\_NBR\_14724\_2024-1.pdf},
  note = {Acesso em: 10 nov. 2024}
}

@Misc{embarcados-serial,
  author = {{Embarcados}},
  title = {Arduino - Comunicação Serial},
  year = {2023},
  howpublished = {Portal Embarcados},
  url = {https://embarcados.com.br/arduino-comunicacao-serial/},
  note = {Acesso em: 18 jul. 2025}
}



